% Encoding: UTF-8

@Misc{bpb:001,
  author    = {Abteilung Bildung der Bundeszentrale für politische Bildung},
  title     = {Deflation},
  year      = {2016},
  groups    = {Wirtschaft, Deflation},
  timestamp = {2019-02-23},
  url       = {http://www.bpb.de/nachschlagen/lexika/lexikon-der-wirtschaft/19113/deflation},
}

@Misc{bpb:002,
  author    = {Abteilung Bildung der Bundeszentrale für politische Bildung},
  title     = {Wirtschaftspolitik},
  year      = {2016},
  groups    = {Wirtschaftspolitik},
  timestamp = {2019-02-23},
  url       = {http://www.bpb.de/nachschlagen/lexika/lexikon-der-wirtschaft/21184/wirtschaftspolitik},
}

@Misc{Pel:001,
  author    = {Jonas Pelkmann},
  title     = {Deflation},
  year      = {2019},
  groups    = {Wirtschaft, Deflation},
  timestamp = {2019-02-23},
  url       = {https://www.inflation-deutschland.de/deflation.html},
}

@Book{gab:005,
  title     = {Gabler-Wirtschaftslexikon},
  publisher = {Gabler},
  year      = {1997},
  author    = {Unknown},
  isbn      = {3409303243},
  groups    = {Wirtschaft},
  timestamp = {2019-02-23},
  url       = {https://www.amazon.com/Gabler-Wirtschaftslexikon/dp/3409303243?SubscriptionId=AKIAIOBINVZYXZQZ2U3A&tag=chimbori05-20&linkCode=xm2&camp=2025&creative=165953&creativeASIN=3409303243},
}

@Misc{Stobitzer:001,
  author    = {Christian Stobitzer},
  title     = {Konjunkturphasen - Phasen des Konjunkturverlaufs},
  year      = {2019},
  groups    = {Konjunktur},
  timestamp = {2019-02-23},
  url       = {http://www.wirtschafts-lehre.de/konjunkturphasen.html},
}

@Misc{auxmoney:001,
  author    = {Unknowen},
  title     = {Deflation verständlich erklärt - auxmoney {Finanzlexikon}},
  year      = {2019},
  abstract  = {Als Deflation wird der Zustand bezeichnet, in dem der reale Geldwert einer Währungseinheit steigt. Mehr über Ursachen und Folgen hier!},
  file      = {Snapshot:https\://www.auxmoney.com/kredit/finanzlexikon/deflation.html:text/html},
  groups    = {Deflation},
  journal   = {auxmoney Kredit},
  language  = {de-DE},
  timestamp = {2019-02-23},
  url       = {https://www.auxmoney.com/kredit/finanzlexikon/deflation.html},
  urldate   = {CURRENT\_TIMESTAMP},
}

@Misc{Billomat:001,
  author     = {Unknowen},
  title      = {Deflation},
  abstract   = {Die Deflation ist das Gegenteil der Inflation und bezeichnet den allgemeinen und anhaltenden Rückgang des Preisniveaus für Waren und Dienstleistungen.},
  file       = {Snapshot:https\://www.billomat.com/lexikon/d/deflation/:text/html},
  groups     = {Deflation},
  journal    = {Billomat},
  language   = {de},
  shorttitle = {Deflation - {Was} ist eine {Deflation}?},
  timestamp  = {2019-02-23},
  url        = {https://www.billomat.com/lexikon/d/deflation/},
  urldate    = {CURRENT\_TIMESTAMP},
}

@Misc{gab:001,
  author    = {Prof. Dr. Hans-Werner Wohltmann},
  title     = {Globalsteuerung},
  groups    = {Globalsteuerung},
  timestamp = {2019-02-23},
  url       = {https://wirtschaftslexikon.gabler.de/definition/globalsteuerung-34748},
}

@Misc{gab:002,
  author    = {Prof. Dr. Henning Klodt},
  title     = {sektorale Strukturpolitik},
  groups    = {Strukturpolitik},
  timestamp = {2019-02-23},
  url       = {https://wirtschaftslexikon.gabler.de/definition/sektorale-strukturpolitik-42303},
}

@Misc{bpb:003,
  author    = {Abteilung Bildung der Bundeszentrale für politische Bildung},
  title     = {Strukturpolitik},
  month     = jun,
  year      = {2006},
  groups    = {Strukturpolitik},
  timestamp = {2019-02-23},
  url       = {http://www.bpb.de/politik/wirtschaft/wirtschaftspolitik/64330/strukturpolitik},
}

@Misc{wik:001,
  author    = {Wikipedia},
  title     = {Leitzins},
  month     = oct,
  year      = {2018},
  groups    = {Geldpolitik},
  timestamp = {2019-02-23},
  url       = {https://de.wikipedia.org/wiki/Leitzins},
}

@Misc{wdb:001,
  author    = {Welt der BWL},
  title     = {Prozesspolitik},
  timestamp = {2019-02-23},
  titel     = {Prozesspolitik},
  url       = {https://welt-der-bwl.de/Prozesspolitik},
}

@Misc{bpb:004,
  author    = {Abteilung Bildung der Bundeszentrale für politische Bildung},
  title     = {Prozesspolitik},
  year      = {2019},
  timestamp = {2019-02-23},
  titel     = {Prozesspolitik},
  url       = {http://www.bpb.de/nachschlagen/lexika/lexikon-der-wirtschaft/20391/prozesspolitik},
}

@Misc{gab:003,
  author    = {Prof. Dr. Bernd-Thomas Ramb},
  title     = {Prozesspolitik},
  timestamp = {2019-02-23},
  titel     = {Prozesspolitik},
  url       = {https://wirtschaftslexikon.gabler.de/definition/prozesspolitik-43995/version-146675},
}

@Misc{wik:002,
  author    = {Wikipedia},
  title     = {Prozesspolitik},
  month     = jan,
  year      = {2019},
  timestamp = {2019-02-23},
  titel     = {Prozesspolitik},
  url       = {https://de.wikipedia.org/wiki/Prozesspolitik},
}

@Misc{s34:001,
  author    = {medienplus GmbH},
  title     = {Gewaltenteilung},
  timestamp = {2019-02-23},
  url       = {http://www.sicherheit-34a.de/gewaltenteilung/},
}

@Misc{gab:004,
  author    = {Prof. Dr. Dirk Sauerland},
  title     = {Ordnungspolitik},
  timestamp = {2019-02-23},
  url       = {https://wirtschaftslexikon.gabler.de/definition/ordnungspolitik-44735},
}

@Misc{wik:003,
  author    = {Wikipedia},
  title     = {Ordnungspolitik},
  year      = {2018},
  timestamp = {2019-02-23},
  url       = {https://de.wikipedia.org/wiki/Ordnungspolitik},
}

@Misc{rec:001,
  author    = {Fabian Simon},
  title     = {Wirtschaftspolitik},
  year      = {2018},
  groups    = {Wirtschaftspolitik},
  timestamp = {2019-02-23},
  url       = {https://www.rechnungswesen-verstehen.de/bwl-vwl/wirtschaftspolitik/wirtschaftspolitik.php},
}

@Misc{rec:002,
  author    = {Fabian Simon},
  title     = {Magische Viereck},
  year      = {2018},
  groups    = {Magisches Viereck},
  timestamp = {2019-02-23},
  url       = {https://www.rechnungswesen-verstehen.de/bwl-vwl/vwl/magische-viereck.php},
}

@Misc{rab:001,
  author    = {FutureAd Neue Medien GmbH \& Co.KG},
  title     = {Stabiles Preisniveau},
  groups    = {Magisches Viereck},
  timestamp = {2019-02-23},
  url       = {https://www.rechnungswesen-abc.de/vwl/makrooekonomie/stabiles-preisniveau/},
}

@Misc{wik:004,
  author    = {Wikipedia},
  title     = {Gesamtwirtschaftliche Nachfrage},
  month     = aug,
  year      = {2018},
  groups    = {Magisches Viereck},
  timestamp = {2019-02-23},
  url       = {https://de.wikipedia.org/wiki/Gesamtwirtschaftliche_Nachfrage},
}

@Misc{Unknowen:001,
  author    = {Unknowen},
  title     = {Juglar-Zyklus},
  groups    = {Konjunkturzyklen},
  timestamp = {2019-02-23},
  url       = {http://www.wirtschaftslexikon24.com/d/juglar-zyklus/juglar-zyklus.htm},
}

@Misc{Nefiodow2019:001,
  author    = {Leo A. Nefiodow and Simone Nefiodow},
  title     = {kondratieff {Kondratieffzyklen}},
  year      = {2019},
  abstract  = {The Kondratieff Cycle is a theory of Long Waves that describes economic and social development that is determined by periodic cycles of about 40-60 years.},
  file      = {Snapshot:https\://www.kondratieff.net/kondratieffzyklen:text/html},
  groups    = {Konjunkturzyklen},
  journal   = {Kondratieff {\textbar} Kondratiev {\textbar} Long Waves {\textbar}},
  language  = {en},
  timestamp = {2019-02-23},
  url       = {https://www.kondratieff.net/kondratieffzyklen},
  urldate   = {CURRENT\_TIMESTAMP},
}

@Misc{bpb:005,
  author    = {Abteilung Bildung der Bundeszentrale für politische Bildung},
  title     = {Kondratieff-Zyklen},
  year      = {2019},
  groups    = {Konjunkturzyklen},
  timestamp = {2019-02-23},
  url       = {http://www.bpb.de/nachschlagen/lexika/lexikon-der-wirtschaft/19806/kondratieff-zyklen},
}

@Misc{bpb:006,
  author    = {Abteilung Bildung der Bundeszentrale für politische Bildung},
  title     = {magisches Viereck},
  year      = {2019},
  groups    = {Magisches Viereck},
  timestamp = {2019-02-23},
  url       = {http://www.bpb.de/nachschlagen/lexika/lexikon-der-wirtschaft/20053/magisches-viereck},
}

@Misc{wik:005,
  author    = {Wikipedia},
  title     = {Globalsteuerung},
  month     = nov,
  year      = {2018},
  groups    = {Globalsteuerung},
  timestamp = {2019-02-23},
  url       = {https://de.wikipedia.org/wiki/Globalsteuerung},
}

@Misc{wik:006,
  author    = {Wikipedia},
  title     = {Marktgleichheit},
  month     = nov,
  year      = {2018},
  groups    = {Magisches Viereck},
  timestamp = {2019-02-23},
  url       = {https://de.wikipedia.org/wiki/Marktgleichgewicht},
}

@Misc{bwl:001,
  author    = {Robert Hartmann},
  title     = {Globalsteuerung},
  year      = {2015},
  groups    = {Globalsteuerung},
  timestamp = {2019-02-23},
  url       = {http://www.betriebswirtschaft-lernen.net/erklaerung/globalsteuerung/},
}

@Misc{gev:001,
  author    = {David Gerginov},
  title     = {Fiskalpolitik: Definition und Erklärung},
  month     = may,
  year      = {2013},
  groups    = {Fiskalpolitik},
  timestamp = {2019-02-23},
  url       = {https://www.gevestor.de/details/fiskalpolitik-definition-und-erklarung-648515.html},
}

@Misc{bpb:008,
  author    = {Abteilung Bildung der Bundeszentrale für politische Bildung},
  title     = {Antizyklische Wirtschaftspolitik},
  year      = {2019},
  groups    = {Wirtschaftspolitik},
  timestamp = {2019-02-23},
  url       = {https://www.bpb.de/nachschlagen/lexika/lexikon-der-wirtschaft/18641/antizyklische-wirtschaftspolitik},
}

@Misc{rev:001,
  author    = {Fabian Simon},
  title     = {Fiskalpolitik},
  year      = {2018},
  groups    = {Fiskalpolitik},
  timestamp = {2019-02-23},
  url       = {https://www.rechnungswesen-verstehen.de/lexikon/fiskalpolitik.php},
}

@Misc{EU:001,
  title      = {(ex-{Artikel} 105 {EGV})},
  year       = {2019},
  chapter    = {Dritter Teil - Die internen Politiken und Maßnahmen der Union (Art. 26 - 197), Titel VIII - Die Wirtschafts- und Währungspolitik (Art. 119 - 144) , Kapitel 2 - Die Währungspolitik (Art. 127 - 133)},
  file       = {Snapshot:https\://dejure.org/gesetze/AEUV/127.html:text/html},
  shorttitle = {Art. 127 {AEUV}},
  timestamp  = {2019-02-23},
}

@Misc{wik:008,
  author    = {Wikipedia},
  title     = {Geldpolitik --- Wikipedia{,} Die freie Enzyklopädie},
  year      = {2018},
  note      = {[Online; Stand 23. Februar 2019]},
  groups    = {Fiskalpolitik, Geldpolitik},
  timestamp = {2019-02-23},
  url       = {\url{https://de.wikipedia.org/w/index.php?title=Geldpolitik&oldid=183459333}},
}

@Misc{wik:009,
  author    = {Wikipedia},
  title     = {Gesetz zur Förderung der Stabilität und des Wachstums der Wirtschaft},
  month     = feb,
  year      = {2019},
  groups    = {Magisches Viereck},
  timestamp = {2019-02-23},
  url       = {https://de.wikipedia.org/wiki/Gesetz_zur_F%C3%B6rderung_der_Stabilit%C3%A4t_und_des_Wachstums_der_Wirtschaft},
}

@Misc{wik:010,
  author    = {Bundesamt für Justiz},
  title     = {Keynesianismus},
  month     = feb,
  year      = {2019},
  timestamp = {2019-02-23},
  url       = {https://de.wikipedia.org/wiki/Keynesianismus},
}

@Misc{bpb:010,
  author    = {Abteilung Bildung der Bundeszentrale für politische Bildung},
  title     = {Keynesianismus},
  year      = {2016},
  timestamp = {2019-02-23},
  url       = {https://www.bpb.de/nachschlagen/lexika/lexikon-der-wirtschaft/19777/keynesianismus},
}

@Misc{wik:011,
  author    = {Wikipedia},
  title     = {Monetarismus},
  month     = apr,
  year      = {2018},
  timestamp = {2019-02-23},
  url       = {https://de.wikipedia.org/wiki/Monetarismus},
}

@Misc{bpb:012,
  author    = {Abteilung Bildung der Bundeszentrale für politische Bildung},
  title     = {Monetarismus},
  year      = {2016},
  timestamp = {2019-02-23},
  url       = {http://www.bpb.de/nachschlagen/lexika/lexikon-der-wirtschaft/20136/monetarismus},
}

@Misc{wik:012,
  author    = {Wikipedia},
  title     = {Milton Friedman, Monetarismus},
  month     = dec,
  year      = {2018},
  timestamp = {2019-02-23},
  url       = {https://de.wikipedia.org/wiki/Milton_Friedman},
}

@Misc{wik:013,
  author    = {Wikipedia},
  title     = {John Maynard Keynes, Keynesianismus},
  month     = sep,
  year      = {2018},
  timestamp = {2019-02-23},
  url       = {https://de.wikipedia.org/wiki/John_Maynard_Keynes},
}

@Misc{bpb:014,
  author    = {Abteilung Bildung der Bundeszentrale für politische Bildung},
  title     = {Zinspolitik},
  year      = {2019},
  groups    = {Zinspolitik},
  timestamp = {2019-02-23},
  url       = {https://www.bpb.de/nachschlagen/lexika/lexikon-der-wirtschaft/21275/zinspolitik},
}

@Misc{bpb:013,
  author    = {Abteilung Bildung der Bundeszentrale für politische Bildung},
  title     = {Liquiditätspolitik},
  year      = {2019},
  groups    = {Liquiditätspolitik},
  timestamp = {2019-02-23},
  url       = {https://www.bpb.de/nachschlagen/lexika/lexikon-der-wirtschaft/19988/liquiditaetspolitik},
}

@Misc{bpb:015,
  author    = {Abteilung Bildung der Bundeszentrale für politische Bildung},
  title     = {Offenmarktpolitik},
  year      = {2019},
  groups    = {Offenmarktpolitik},
  timestamp = {2019-02-23},
  url       = {https://www.bpb.de/nachschlagen/lexika/lexikon-der-wirtschaft/20276/offenmarktpolitik},
}

@Misc{bpb:016,
  author    = {Abteilung Bildung der Bundeszentrale für politische Bildung},
  title     = {Mindestreservepolitik},
  year      = {2019},
  groups    = {Mindestreservepolitik},
  timestamp = {2019-02-23},
  url       = {https://www.bpb.de/nachschlagen/lexika/lexikon-der-wirtschaft/20119/mindestreservepolitik},
}

@Misc{bpb:017,
  author    = {Abteilung Bildung der Bundeszentrale für politische Bildung},
  title     = {ständige Fazilitäten},
  year      = {2019},
  groups    = {Fazilität},
  timestamp = {2019-02-23},
  url       = {https://www.bpb.de/nachschlagen/lexika/lexikon-der-wirtschaft/20786/staendige-fazilitaeten},
}

@Misc{bpb:018,
  author    = {Abteilung Bildung der Bundeszentrale für politische Bildung},
  title     = {Lombardpolitik},
  year      = {2019},
  groups    = {Fazilität},
  timestamp = {2019-02-23},
  url       = {https://www.bpb.de/nachschlagen/lexika/lexikon-der-wirtschaft/20025/lombardpolitik},
}

@Misc{bpb:020,
  author    = {Abteilung Bildung der Bundeszentrale für politische Bildung},
  title     = {Spitzenrefinanzierungsfazilität},
  year      = {2019},
  groups    = {Fazilität},
  timestamp = {2019-02-23},
  url       = {https://www.bpb.de/nachschlagen/lexika/lexikon-der-wirtschaft/20695/spitzenrefinanzierungsfazilitaet},
}

@Misc{bpb:019,
  author    = {Abteilung Bildung der Bundeszentrale für politische Bildung},
  title     = {Einlagefazilität},
  year      = {2019},
  groups    = {Fazilität},
  timestamp = {2019-02-23},
  url       = {https://www.bpb.de/nachschlagen/lexika/lexikon-der-wirtschaft/19168/einlagefazilitaet},
}

@Misc{bpb:021,
  author    = {Abteilung Bildung der Bundeszentrale für politische Bildung},
  title     = {Kaufkraft},
  year      = {2019},
  groups    = {Geldwert und Kaufkraft},
  timestamp = {2019-02-24},
  url       = {http://www.bpb.de/nachschlagen/lexika/lexikon-der-wirtschaft/19958/kaufkraft},
}

@Misc{wik:015,
  author    = {Wikipedia},
  title     = {Classification of Individual Consumption by Purpose},
  month     = apr,
  year      = {2013},
  groups    = {Fiskalpolitik, Warenkorb},
  timestamp = {2019-02-24},
  url       = {https://de.wikipedia.org/wiki/Classification_of_Individual_Consumption_by_Purpose},
}

@Misc{bpb:023,
  author = {Abteilung Bildung der Bundeszentrale für politische Bildung},
  title  = {Warenkorb},
  year   = {2019},
  groups = {Fiskalpolitik, Warenkorb},
  url    = {http://www.bpb.de/nachschlagen/lexika/lexikon-der-wirtschaft/21108/warenkorb},
}

@Misc{bpb:024,
  author    = {Abteilung Bildung der Bundeszentrale für politische Bildung},
  title     = {Verbraucherpreisindex},
  year      = {2019},
  groups    = {Verbraucherpreisindex},
  timestamp = {2019-02-24},
  url       = {http://www.bpb.de/nachschlagen/lexika/lexikon-der-wirtschaft/20318/verbraucherpreisindex},
}

@Misc{bpb:025,
  author    = {Abteilung Bildung der Bundeszentrale für politische Bildung},
  title     = {harmonisierter Verbraucherpreisindex},
  year      = {2019},
  groups    = {Verbraucherpreisindex},
  timestamp = {2019-02-24},
  url       = {http://www.bpb.de/nachschlagen/lexika/lexikon-der-wirtschaft/19607/harmonisierter-verbraucherpreisindex},
}

@Misc{wik:014,
  author    = {Wikipedia},
  title     = {Verbraucherpreisindex für Deutschland},
  month     = feb,
  year      = {2019},
  groups    = {Verbraucherpreisindex},
  timestamp = {2019-02-24},
  url       = {https://de.wikipedia.org/wiki/Verbraucherpreisindex_f%C3%BCr_Deutschland},
}

@Misc{wik:016,
  author    = {Wikipedia},
  title     = {Eurostat},
  month     = jan,
  year      = {2019},
  groups    = {Institutionen der Wirtschaft},
  timestamp = {2019-02-24},
  url       = {https://de.wikipedia.org/wiki/Eurostat},
}

@Misc{wik:017,
  author    = {Wikipedia},
  title     = {Preisindex},
  month     = dec,
  year      = {2018},
  groups    = {Verbraucherpreisindex},
  timestamp = {2019-02-24},
  url       = {https://de.wikipedia.org/wiki/Preisindex#Laspeyres-Index},
}

@Misc{wik:018,
  author    = {Wikipedia},
  title     = {Étienne Laspeyres},
  month     = dec,
  year      = {2014},
  groups    = {Berechnung},
  timestamp = {2019-02-24},
  url       = {https://de.wikipedia.org/wiki/%C3%89tienne_Laspeyres},
}

@Misc{str:001,
  author    = {Tobias Marx},
  title     = {Laspeyres Index},
  year      = {2019},
  groups    = {Berechnung},
  timestamp = {2019-02-24},
  url       = {https://studienretter.de/laspeyres-index/},
}

@Misc{eur:001,
  author    = {eurostat},
  title     = {Klassifikation der Verwendungszwecke des Individualverbrauchs (COICOP)},
  month     = mar,
  year      = {2016},
  groups    = {Warenkorb},
  timestamp = {2019-02-24},
  url       = {https://ec.europa.eu/eurostat/statistics-explained/index.php?title=Glossary:Classification_of_individual_consumption_by_purpose_(COICOP)/de},
}

@Misc{std:001,
  author    = {UN},
  title     = {Welcome to UNSD},
  year      = {2019},
  groups    = {Institutionen der Wirtschaft},
  timestamp = {2019-02-24},
  url       = {https://unstats.un.org/home/},
}

@Misc{sta:001,
  author    = {statista},
  title     = {Ausgabenanteile der privaten Haushalte für ausgewählte Güter und Dienstleistungen im Warenkorb nach dem Wägungsschema für das Basisjahr 2010},
  year      = {2019},
  groups    = {Fiskalpolitik, Warenkorb},
  timestamp = {2019-02-24},
  url       = {https://de.statista.com/statistik/daten/studie/1059/umfrage/ausgabenanteile-fuer-ausgewaehlte-gueter-und-dienstleistungen/},
}

@Misc{sta:002,
  author    = {statista},
  title     = {Verbraucherpreisindex für Deutschland von Januar 2018 bis Januar 2019},
  year      = {2019},
  groups    = {Verbraucherpreisindex},
  timestamp = {2019-02-24},
  url       = {https://de.statista.com/statistik/daten/studie/38504/umfrage/verbraucherpreisindex-in-deutschland/},
}

@Misc{dst:001,
  author    = {Destatis},
  title     = {Verbraucherpreisindex (VPI)},
  year      = {2019},
  groups    = {Verbraucherpreisindex},
  timestamp = {2019-02-24},
  url       = {https://www.destatis.de/DE/ZahlenFakten/GesamtwirtschaftUmwelt/Preise/Verbraucherpreisindizes/Methoden/verbraucherpreisindex.html},
}

@Misc{wik:019,
  author    = {Wikipedia},
  title     = {Nominaleinkommen},
  month     = jun,
  year      = {2014},
  groups    = {Verbraucherpreisindex},
  timestamp = {2019-02-24},
  url       = {https://de.wikipedia.org/wiki/Nominaleinkommen},
}

@Misc{wik:020,
  author    = {Wikipedia},
  title     = {Harmonisierter Verbraucherpreisindex},
  month     = feb,
  year      = {2019},
  groups    = {Verbraucherpreisindex},
  timestamp = {2019-02-24},
  url       = {Harmonisierter Verbraucherpreisindex},
}

@Misc{dud:001,
  author    = {Duden},
  title     = {Duden {\textbar} {Le}­gis­la­ti­ve {\textbar} {Rechtschreibung}, {Bedeutung}, {Definition}, {Synonyme}, {Herkunft}},
  abstract  = {Definition, Rechtschreibung, Synonyme und Grammatik von 'Legislative' auf Duden online nachschlagen. Wörterbuch der deutschen Sprache.},
  file      = {Snapshot:https\://www.duden.de/rechtschreibung/Legislative:text/html},
  groups    = {Definitionen},
  language  = {de},
  timestamp = {2019-02-25},
  url       = {https://www.duden.de/rechtschreibung/Legislative},
  urldate   = {CURRENT\_TIMESTAMP},
}

@Misc{dud:002,
  author    = {Duden},
  title     = {Duden {\textbar} {Sta}­g­na­ti­on {\textbar} {Rechtschreibung}, {Bedeutung}, {Definition}, {Synonyme}},
  year      = {2019},
  abstract  = {Definition, Rechtschreibung, Synonyme und Grammatik von 'Stagnation' auf Duden online nachschlagen. Wörterbuch der deutschen Sprache.},
  file      = {Snapshot:https\://www.duden.de/rechtschreibung/Stagnation:text/html},
  groups    = {Definitionen},
  language  = {de},
  timestamp = {2019-02-25},
  url       = {https://www.duden.de/rechtschreibung/Stagnation},
}

@Misc{bpb:026,
  author   = {Abteilung Bildung der Bundeszentrale für politische Bildung},
  title    = {Vollbeschäftigung {\textbar} bpb},
  year     = {2019},
  abstract = {wirtschaftliche Situation, in der das Produktionspotenzial einer Volkswirtschaft ausreichend genutzt wird. Für den Arbeitsmarkt bedeutet dies z. B., dass der Beschäftigungsgrad hoch ist. Die Zahl der offenen Stellen in der Volkswirtschaft stimmt mit der Zahl der Arbeitssuchenden überein, d. h., ...},
  file     = {Snapshot:https\://www.bpb.de/nachschlagen/lexika/lexikon-der-wirtschaft/21068/vollbeschaeftigung:text/html},
  groups   = {Magisches Viereck},
  journal  = {bpb.de},
  language = {de},
  url      = {http://www.bpb.de/nachschlagen/lexika/lexikon-der-wirtschaft/21068/vollbeschaeftigung},
  urldate  = {CURRENT\_TIMESTAMP},
}

@Misc{bpb:028,
  author   = {Abteilung Bildung der Bundeszentrale für politische Bildung},
  title    = {Geldpolitik {\textbar} bpb},
  year     = {2019},
  abstract = {alle Maßnahmen, mit denen vor allem die Zentralbank den Geldumlauf und die Geld- und Kreditversorgung der Wirtschaft steuert. Wichtigstes Ziel ist dabei die Sicherung der Währung, also die Erhaltung des Geldwertes innerhalb der Volkswirtschaft (Preisniveaustabilität) und die Stabilität der Kaufkraft ...},
  file     = {Snapshot:http\://www.bpb.de/nachschlagen/lexika/lexikon-der-wirtschaft/19456/geldpolitik:text/html},
  groups   = {Fiskalpolitik, Geldpolitik},
  journal  = {bpb.de},
  language = {de},
  url      = {http://www.bpb.de/nachschlagen/lexika/lexikon-der-wirtschaft/19456/geldpolitik},
  urldate  = {CURRENT\_TIMESTAMP},
}

@Misc{bpb:029,
  author   = {Abteilung Bildung der Bundeszentrale für politische Bildung},
  title    = {Außenwirtschaftspolitik {\textbar} bpb, Wirtschaftspolitik},
  year     = {2019},
  abstract = {alle Maßnahmen, mit denen die internationalen Wirtschaftsbeziehungen, also der internationale Waren-, Dienstleistungs- und Kapitalverkehr, beeinflusst und gesteuert werden sollen. Teilgebiete der Außenwirtschaftspolitik sind z. B. Außenhandels- und Zahlungsbilanzpolitik, Währungspolitik (siehe dort)  und Wechselkurspolitik (siehe dort).  Ziele der Außenwirtschaftspolitik ...},
  file     = {Snapshot:http\://www.bpb.de/nachschlagen/lexika/lexikon-der-wirtschaft/18753/aussenwirtschaftspolitik:text/html},
  groups   = {Wirtschaftspolitik},
  journal  = {bpb.de},
  language = {de},
  url      = {http://www.bpb.de/nachschlagen/lexika/lexikon-der-wirtschaft/18753/aussenwirtschaftspolitik},
  urldate  = {CURRENT\_TIMESTAMP},
}

@Misc{bpb:027,
  author   = {Abteilung Bildung der Bundeszentrale für politische Bildung},
  title    = {Lohnpolitik {\textbar} bpb},
  year     = {2019},
  abstract = {In Deutschland wird die Lohnpolitik nicht durch den Staat vorgenommen oder bestimmt, sondern von Arbeitgeberverbänden und Gewerkschaften (Tarifvertragsparteien), die in Tarifverhandlungen die Höhe von Löhnen und Gehältern, aber auch die sonstigen Arbeitsbedingungen für die Arbeitnehmer einer Branche oder eines Tarifgebietes ...},
  file     = {Snapshot:http\://www.bpb.de/nachschlagen/lexika/lexikon-der-wirtschaft/20015/lohnpolitik:text/html},
  groups   = {Lohnpolitik},
  journal  = {bpb.de},
  language = {de},
  url      = {http://www.bpb.de/nachschlagen/lexika/lexikon-der-wirtschaft/20015/lohnpolitik},
  urldate  = {CURRENT\_TIMESTAMP},
}

@Misc{ahk:001,
  author    = {ahk},
  title     = {Die Deutschen Auslandshandelskammern},
  year      = {2019},
  groups    = {Institutionen der Wirtschaft},
  timestamp = {2019-03-03},
  url       = {https://www.ahk.de/ueber-uns/},
}

@Misc{bpb:11,
  author   = {Oschmiansky, Frank},
  title    = {Grundlagen der {Lohnpolitik} {\textbar} bpb},
  year     = {2019},
  abstract = {Arbeits- und Einkommensbedingungen der großen Mehrheit der abhängig Beschäftigten werden in der Bundesrepublik Deutschland durch Tarifverträge geregelt. Wie diese zu Stande kommen, welche Mittel Gewerkschaften und Arbeitgebern zur Durchsetzung ihrer Forderungen zur Verfügung stehen und warum spezielle Interessenverbände an Bedeutung gewonnen haben ist u.a. Thema dieses Abschnitts.},
  file     = {Snapshot:https\://www.bpb.de/politik/innenpolitik/arbeitsmarktpolitik/187824/grundlagen-der-lohnpolitik?p=all:text/html},
  groups   = {Lohnpolitik},
  journal  = {bpb.de},
  language = {de},
  url      = {http://www.bpb.de/politik/innenpolitik/arbeitsmarktpolitik/187824/grundlagen-der-lohnpolitik},
  urldate  = {CURRENT\_TIMESTAMP},
}

@Misc{bpb:009,
  author   = {Abteilung Bildung der Bundeszentrale für politische Bildung},
  title    = {Fiskalpolitik {\textbar} bpb},
  year     = {2019},
  abstract = {alle Maßnahmen des Staates, mit denen über die Veränderung der öffentlichen Einnahmen und öffentlichen Ausgaben die konjunkturelle Entwicklung gelenkt werden soll. Basierend auf den Annahmen von John Maynard Keynes (* 1883, † 1946) soll der Staat dabei vor allem die ...},
  file     = {Snapshot:http\://www.bpb.de/nachschlagen/lexika/lexikon-der-wirtschaft/19346/fiskalpolitik:text/html},
  groups   = {Fiskalpolitik},
  journal  = {bpb.de},
  language = {de},
  url      = {http://www.bpb.de/nachschlagen/lexika/lexikon-der-wirtschaft/19346/fiskalpolitik},
  urldate  = {CURRENT\_TIMESTAMP},
}

@Misc{sta:003,
  author = {statista},
  title  = {Inflationsrate in Deutschland von Februar 2018 bis Februar 2019 (gegenüber Vorjahresmonat)},
  year   = {2019},
  groups = {Inflation},
  url    = {https://de.statista.com/statistik/daten/studie/1045/umfrage/inflationsrate-in-deutschland-veraenderung-des-verbraucherpreisindexes-zum-vorjahresmonat/},
}

@Misc{bpb:031,
  author    = {Abteilung Bildung der Bundeszentrale für politische Bildung},
  title     = {Inflation},
  year      = {2019},
  groups    = {Inflation},
  timestamp = {2019-03-03},
  url       = {http://www.bpb.de/nachschlagen/lexika/das-junge-politik-lexikon/161230/inflation},
}

@Misc{wik:021,
  author    = {Wikipedia},
  title     = {Inflation},
  month     = jan,
  year      = {2019},
  groups    = {Inflation},
  timestamp = {2019-03-03},
  url       = {https://de.wikipedia.org/wiki/Inflation#Bedeutung_des_Warenkorbes_f%C3%BCr_die_Inflationsmessung},
}

@Misc{wik:022,
  author    = {Wikipedia},
  title     = {Lebenshaltungskosten},
  month     = jan,
  year      = {2019},
  groups    = {Verbraucherpreisindex},
  timestamp = {2019-03-03},
  url       = {https://de.wikipedia.org/wiki/Lebenshaltungskosten},
}

@Misc{wis:001,
  author    = {Konradin Medien GmbH},
  title     = {Inflation},
  year      = {2019},
  groups    = {Inflation},
  timestamp = {2019-03-03},
  url       = {https://www.wissen.de/lexikon/inflation},
}

@Misc{bwl:003,
  author    = {Robert Hartmann},
  title     = {Inflationsarten},
  year      = {2015},
  groups    = {Inflation},
  timestamp = {2019-03-03},
  url       = {http://www.betriebswirtschaft-lernen.net/erklaerung/inflationsarten/},
}

@Misc{höl:001,
  author    = {Ed. Hölzel G.m.b.H. Nfg KG},
  title     = {Erscheinungsformen der Inflation},
  groups    = {Inflation},
  timestamp = {2019-03-03},
  url       = {https://www.hoelzel.at/journal-home/allebeitraege/wirtschaftskundliches-seminar/single-seminar/?tx_ttnews%5Btt_news%5D=36&cHash=69fe91682a70878af037ab3f60107295},
}

@Misc{bpb:032,
  author    = {Abteilung Bildung der Bundeszentrale für politische Bildung},
  title     = {Gleichgewichtspreis},
  year      = {2019},
  groups    = {Gleichgewichtspreis},
  timestamp = {2019-03-03},
  url       = {http://www.bpb.de/nachschlagen/lexika/lexikon-der-wirtschaft/19528/gleichgewichtspreis},
}

@Misc{bpb:033,
  author = {Abteilung Bildung der Bundeszentrale für politische Bildung},
  title  = {schleichende Inflation},
  year   = {2019},
  groups = {Inflation},
  url    = {http://www.bpb.de/nachschlagen/lexika/lexikon-der-wirtschaft/20556/schleichende-inflation},
}

@Misc{bpb:034,
  author = {Abteilung Bildung der Bundeszentrale für politische Bildung},
  title  = {galoppierende Inflation},
  year   = {2019},
  groups = {Inflation},
  url    = {http://www.bpb.de/nachschlagen/lexika/lexikon-der-wirtschaft/19584/galoppierende-inflation},
}

@Misc{bpb:035,
  author = {Abteilung Bildung der Bundeszentrale für politische Bildung},
  title  = {Hyperinflation},
  year   = {2019},
  groups = {Inflation},
  url    = {http://www.bpb.de/nachschlagen/lexika/lexikon-der-wirtschaft/19643/hyperinflation},
}

@Misc{bpb:011,
  author    = {Abteilung Bildung der Bundeszentrale für politische Bildung},
  title     = {Inflation},
  year      = {2019},
  groups    = {Inflation},
  timestamp = {2019-03-03},
  url       = {http://www.bpb.de/nachschlagen/lexika/lexikon-der-wirtschaft/19723/inflation},
}

@Misc{bwl:002,
  author    = {Daniel Franke},
  title     = {Gleichgewichtspreis},
  year      = {2019},
  groups    = {Gleichgewichtspreis},
  timestamp = {2019-03-03},
  url       = {https://bwl-wissen.net/definition/gleichgewichtspreis},
}

@Misc{bpb:036,
  author   = {Abteilung Bildung der Bundeszentrale für politische Bildung},
  title    = {saisonale {Arbeitslosigkeit} {\textbar} bpb},
  year     = {2019},
  abstract = {Form der Arbeitslosigkeit, die durch jahreszeitliche Änderungen der Nachfrage bewirkt werden. So ist z. B. die Nachfrage nach Bauleistungen in Wintermonaten wegen der ungünstigeren Wetterlage geringer als in den Sommermonaten und die Bauwirtschaft hat durch diese saisonalen Schwankungen witterungsbedingte Beschäftigungsrückgänge ...},
  file     = {Snapshot:http\://www.bpb.de/nachschlagen/lexika/lexikon-der-wirtschaft/20536/saisonale-arbeitslosigkeit:text/html},
  groups   = {Konjunkturzyklen},
  journal  = {bpb.de},
  language = {de},
  url      = {http://www.bpb.de/nachschlagen/lexika/lexikon-der-wirtschaft/20536/saisonale-arbeitslosigkeit},
  urldate  = {CURRENT\_TIMESTAMP},
}

@Misc{bpb:037,
  author   = {Abteilung Bildung der Bundeszentrale für politische Bildung},
  title    = {Konjunkturtheorie {\textbar} bpb},
  year     = {2019},
  abstract = {Die Konjunkturtheorie untersucht und beschreibt die Ursachen und Auswirkungen der Konjunktur und des Konjunkturzyklus. Zur Erklärung der konjunkturellen Schwankungen und deren Folgen wurden in der Vergangenheit zahlreiche Theorien aufgestellt wie die exogene Konjunkturtheorie, die äußere Faktoren wie die Bevölkerungsentwicklungen oder ...},
  file     = {Snapshot:http\://www.bpb.de/nachschlagen/lexika/lexikon-der-wirtschaft/19818/konjunkturtheorie:text/html},
  groups   = {Konjunktur},
  journal  = {bpb.de},
  language = {de},
  url      = {http://www.bpb.de/nachschlagen/lexika/lexikon-der-wirtschaft/19818/konjunkturtheorie},
  urldate  = {CURRENT\_TIMESTAMP},
}

@Misc{wissen.de2019,
  author    = {wissen.de},
  title     = {Was ist clearing},
  year      = {2019},
  groups    = {Konjunkturzyklen},
  timestamp = {2019-03-04},
  url       = {https://www.wissen.de/was-ist-clearing},
}

@Misc{bpb:038,
  author   = {Toyka-Seid, Christiane, Gerd Schneider},
  title    = {Protektionismus {\textbar} bpb},
  year     = {2019},
  abstract = {Dieses Wort hat lateinische Wurzeln. Man könnte es mit “Schutz“ übersetzen. Häufig wird der Begriff im Handel und in der Wirtschaft verwendet. Protektionismus ist es, wenn ein Staat versucht, die Warenproduktion im eigenen Land vor zuviel Waren aus dem Ausland (Fleisch, Wein, Autos und anderes) zu schützen. ...},
  file     = {Snapshot:http\://www.bpb.de/nachschlagen/lexika/das-junge-politik-lexikon/161528/protektionismus:text/html},
  groups   = {Arten der Wirtschaftspolitik},
  journal  = {bpb.de},
  language = {de},
  url      = {http://www.bpb.de/nachschlagen/lexika/das-junge-politik-lexikon/161528/protektionismus},
  urldate  = {CURRENT\_TIMESTAMP},
}

@Misc{EU:002,
  author = {EU},
  title  = {Die Europäische Zentralbank},
  year   = {2019},
  groups = {Institutionen der Wirtschaft},
  url    = {https://www.ecb.europa.eu/ecb/html/index.de.html},
}

@Misc{dud:003,
  author = {Duden},
  title  = {Lohnnebenkosten},
  year   = {2019},
  groups = {Definitionen},
  url    = {https://www.duden.de/rechtschreibung/Lohnnebenkosten},
}

@Misc{Wikipedia2018,
  author        = {Wikipedia},
  title         = {Kerckhoffs’ Prinzip --- Wikipedia{,} Die freie Enzyklopädie},
  year          = {2018},
  note          = {[Online; Stand 28. September 2018]},
  __markedentry = {[Daniel Kerger:]},
  groups        = {Sortieralgorithmen, Kerkhoff-Prinzip},
  owner         = {Daniel Kerger},
  timestamp     = {2019-04-03},
  url           = {https://de.wikipedia.org/w/index.php?title=Kerckhoffs%E2%80%99_Prinzip&oldid=175204853},
}

@Misc{Hammerhofer2018,
  author        = {Matrin Hammerhofer},
  title         = {{Einführung in die Kryptologie}},
  howpublished  = {Skript},
  month         = sep,
  year          = {2018},
  __markedentry = {[Daniel Kerger:]},
  groups        = {asdfsdaf, Kryptologie},
  owner         = {Daniel Kerger},
  timestamp     = {2019-04-03},
}

@Misc{Wikipedia2018a,
  author        = {Wikipedia},
  title         = {Diffie-Hellman-Schlüsselaustausch --- Wikipedia{,} Die freie Enzyklopädie},
  year          = {2018},
  note          = {[Online; Stand 28. September 2018]},
  __markedentry = {[Daniel Kerger:]},
  groups        = {Diffie-Hellmann-Merkle System},
  owner         = {Daniel Kerger},
  timestamp     = {2019-04-03},
  url           = {https://de.wikipedia.org/w/index.php?title=Diffie-Hellman-Schl%C3%BCsselaustausch&oldid=180943185},
}

@Misc{Becker2018,
  author        = {Klaus Becker and Klaus Merkert and Heiko Jochum},
  title         = {{Exkurs - Sicherheit von Chiffriersystemen}},
  month         = jan,
  year          = {2018},
  __markedentry = {[Daniel Kerger:]},
  groups        = {Kerkhoff-Prinzip},
  owner         = {Daniel Kerger},
  timestamp     = {2019-04-03},
}

@Misc{Wikipedia2018b,
  author        = {Wikipedia},
  title         = {RSA-Kryptosystem --- Wikipedia{,} Die freie Enzyklopädie},
  year          = {2018},
  note          = {[Online; Stand 1. Oktober 2018]},
  __markedentry = {[Daniel Kerger:]},
  groups        = {RSA},
  owner         = {Daniel Kerger},
  timestamp     = {2019-04-03},
  url           = {https://de.wikipedia.org/w/index.php?title=RSA-Kryptosystem&oldid=180869316},
}

@Misc{Wikipedia2018c,
  author        = {Wikipedia},
  title         = {Primfaktorzerlegung --- Wikipedia{,} Die freie Enzyklopädie},
  year          = {2018},
  note          = {[Online; Stand 1. Oktober 2018]},
  __markedentry = {[Daniel Kerger:]},
  groups        = {aawer, RSA},
  owner         = {Daniel Kerger},
  timestamp     = {2019-04-03},
  url           = {\url{https://de.wikipedia.org/w/index.php?title=Primfaktorzerlegung&oldid=180328976}},
}

@Misc{Lang2016,
  author        = {Hans Werner Lang},
  title         = {{Pollards p-1-Methode}},
  month         = dec,
  year          = {2016},
  __markedentry = {[Daniel Kerger:]},
  groups        = {RSA},
  owner         = {Daniel Kerger},
  timestamp     = {2019-04-03},
  url           = {http://www.inf.fh-flensburg.de/lang/krypto/algo/pminus1.htm},
}

@Misc{Lang1998,
  author        = {Hans Werner Lang},
  title         = {{Diffie-Hellman-Schlüsselvereinbarung}},
  month         = may,
  year          = {1998},
  __markedentry = {[Daniel Kerger:]},
  groups        = {Diffie-Hellmann-Merkle System},
  owner         = {Daniel Kerger},
  timestamp     = {2019-04-03},
  url           = {http://www.inf.fh-flensburg.de/lang/krypto/protokolle/diffie.htm},
}

@Misc{Lang2016a,
  author        = {Hans Werner Lang},
  title         = {{Low-Exponent-Angriff auf das RSA-Verfahren}},
  month         = dec,
  year          = {2016},
  __markedentry = {[Daniel Kerger:]},
  groups        = {RSA},
  owner         = {Daniel Kerger},
  timestamp     = {2019-04-03},
  url           = {http://www.inf.fh-flensburg.de/lang/krypto/protokolle/rsa-low-exponent-attack.htm},
}

@Misc{Lang2010,
  author        = {Hans Werner Lang},
  title         = {{RSA-Verschlüsselung}},
  month         = feb,
  year          = {2010},
  __markedentry = {[Daniel Kerger:]},
  groups        = {aawer, RSA},
  owner         = {Daniel Kerger},
  timestamp     = {2019-04-03},
  url           = {http://www.inf.fh-flensburg.de/lang/krypto/algo/chinese-remainder.htm},
}

@Misc{Lang1997,
  author        = {Hans Werner Lang},
  title         = {{Chinesischer Restsatz}},
  month         = jun,
  year          = {1997},
  __markedentry = {[Daniel Kerger:]},
  groups        = {RSA},
  owner         = {Daniel Kerger},
  timestamp     = {2019-04-03},
  url           = {http://www.inf.fh-flensburg.de/lang/krypto/algo/pminus1.htm},
}

@Misc{Lang2017,
  author        = {Hans Werner Lang},
  title         = {{Äquivalenz zwischen Faktorisierung von n und Berechnung von phi(n)}},
  month         = dec,
  year          = {2017},
  __markedentry = {[Daniel Kerger:]},
  groups        = {RSA},
  owner         = {Daniel Kerger},
  timestamp     = {2019-04-03},
  url           = {http://www.inf.fh-flensburg.de/lang/krypto/protokolle/rsa-fakt-equiv-phi.htm},
}

@Misc{Wikipedia2018d,
  author        = {Wikipedia},
  title         = {Man-in-the-Middle-Angriff --- Wikipedia{,} Die freie Enzyklopädie},
  year          = {2018},
  note          = {[Online; Stand 1. Oktober 2018]},
  __markedentry = {[Daniel Kerger:]},
  groups        = {Man-In-The-Middle Angriff},
  owner         = {Daniel Kerger},
  timestamp     = {2019-04-03},
  url           = {\url{https://de.wikipedia.org/w/index.php?title=Man-in-the-Middle-Angriff&oldid=180469189}},
}

@Misc{Wikipedia2018e,
  author        = {Wikipedia},
  title         = {Erweiterter euklidischer Algorithmus --- Wikipedia{,} Die freie Enzyklopädie},
  year          = {2018},
  note          = {[Online; Stand 1. Oktober 2018]},
  __markedentry = {[Daniel Kerger:]},
  groups        = {RSA},
  owner         = {Daniel Kerger},
  timestamp     = {2019-04-03},
  url           = {\url{https://de.wikipedia.org/w/index.php?title=Erweiterter_euklidischer_Algorithmus&oldid=174013672}},
}

@Misc{Schneider2001,
  author        = {Schneider, Michael},
  title         = {Sortieralgorithmen},
  year          = {2001},
  __markedentry = {[Daniel Kerger:]},
  groups        = {Sortieralgorithmen},
  owner         = {fhuel},
  timestamp     = {2019-04-03},
  url           = {https://www.math.uni-frankfurt.de/~ismi/kauffmann/teaching/seminar01/sort.pdf},
}

@Comment{jabref-meta: databaseType:bibtex;}

@Comment{jabref-meta: grouping:
0 AllEntriesGroup:;
1 StaticGroup:Wirtschaft\;2\;0\;\;\;Themenbereich Wirtschaft\;;
2 StaticGroup:Volkswirtschaftslehre\;2\;1\;\;\;\;;
3 StaticGroup:Wirtschaftspolitik\;2\;0\;\;\;\;;
4 StaticGroup:Ziele der Wirtschaftspolitik\;2\;0\;\;\;\;;
5 StaticGroup:Magisches Viereck\;2\;1\;\;\;\;;
4 StaticGroup:Arten der Wirtschaftspolitik\;2\;0\;\;\;\;;
5 KeywordGroup:Prozesspolitik\;2\;Title\;Prozesspolitik\;0\;0\;1\;\;\;\;;
5 KeywordGroup:Ordnungspolitik\;2\;Title\;Ordnungspolitik\;0\;0\;1\;\;\;\;;
5 StaticGroup:Strukturpolitik\;2\;1\;\;\;\;;
3 StaticGroup:Inflation\;2\;1\;\;\;\;;
3 StaticGroup:Deflation\;2\;1\;\;\;\;;
3 StaticGroup:Geldpolitik\;2\;0\;\;\;\;;
4 StaticGroup:Arten der Geldpolitik\;2\;0\;\;\;\;;
5 StaticGroup:Liquiditätspolitik\;2\;1\;\;\;\;;
5 StaticGroup:Fazilität\;2\;1\;\;\;\;;
5 StaticGroup:Offenmarktpolitik\;2\;1\;\;\;\;;
5 StaticGroup:Mindestreservepolitik\;2\;1\;\;\;\;;
5 StaticGroup:Zinspolitik\;2\;1\;\;\;\;;
3 StaticGroup:Geldwert und Kaufkraft\;2\;0\;\;\;\;;
4 StaticGroup:Warenkorb\;2\;1\;\;\;\;;
4 StaticGroup:Gleichgewichtspreis\;2\;1\;\;\;\;;
4 StaticGroup:Verbraucherpreisindex\;2\;0\;\;\;\;;
5 StaticGroup:Berechnung\;2\;1\;\;\;\;;
3 KeywordGroup:Keynesianismus\;2\;Title\;Keynesianismus\;0\;0\;1\;\;\;\;;
3 SearchGroup:Monetarismus\;2\;title = monetarismus or Friedman\;0\;0\;1\;\;\;\;;
3 StaticGroup:Konjunktur\;2\;0\;\;\;\;;
4 StaticGroup:Konjunkturzyklen\;0\;1\;\;\;\;;
4 StaticGroup:Konjunkturpolitik\;2\;0\;\;\;\;;
5 StaticGroup:Lohnpolitik\;2\;1\;\;\;\;;
3 StaticGroup:Globalsteuerung\;2\;1\;\;\;\;;
3 StaticGroup:Fiskalpolitik\;2\;1\;\;\;\;;
2 StaticGroup:Institutionen der Wirtschaft\;2\;1\;\;\;\;;
1 StaticGroup:Informatik\;2\;0\;\;\;\;;
2 StaticGroup:Sortieralgorithmen\;2\;1\;\;\;\;;
2 StaticGroup:Kryptologie\;2\;1\;\;\;\;;
3 StaticGroup:Diffie-Hellmann-Merkle System\;2\;1\;\;\;\;;
3 StaticGroup:RSA\;2\;1\;\;\;\;;
3 StaticGroup:Man-In-The-Middle Angriff\;2\;1\;\;\;\;;
3 StaticGroup:Kerkhoff-Prinzip\;2\;1\;\;\;\;;
1 StaticGroup:Definitionen\;2\;1\;\;\;\;;
}
